@misc{PCBMGLB9,
    author = "B.V., GitLab and Inc., GitLab",
    howpublished = "\url{https://docs.gitlab.com/ee/administration/postgresql/replication\_and\_failover.html}",
    title = "PostgreSQL replication and failover for Linux package installations | GitLab"
}

@misc{8U27AXWM,
    author = "Read the Docs, Inc and Contributors, The CloudNativePG and Foundation, The Linux",
    howpublished = "\url{https://cloudnative-pg.io/documentation/1.21/}",
    title = "CloudNativePG"
}

@misc{LMMTZ5D7,
    author = "Read the Docs, Inc and SE, Zalando",
    howpublished = "\url{https://patroni.readthedocs.io/en/latest/}",
    title = "Introduction — Patroni 3.2.0 documentation"
}

@misc{885NRHNL,
    author = "Contributors, The CloudNativePG and Foundation, The Linux",
    howpublished = "\url{https://cloudnative-pg.io/}",
    title = "CloudNativePG - PostgreSQL Operator for Kubernetes"
}

@misc{EXVNLICT,
    author = "LLC, SRA OSS",
    howpublished = "\url{https://www.pgpool.net/mediawiki/index.php/Main\_Page}",
    title = "pgpool Wiki",
    year = "2023"
}

@misc{9SMQDTBM,
    author = "CERN",
    howpublished = "\url{https://dbod-user-guide.web.cern.ch/getting\_started/HA/pgpool/}",
    title = "PostgreSQL HA Cluster using PgPool II - Database on demand User Guide"
}

@misc{H3PTZUX6,
    author = "Citus Data, a Microsoft Company and Dimitri, Fontaine",
    howpublished = "\url{https://www.citusdata.com/blog/2019/05/30/introducing-pg-auto-failover/}",
    title = "Introducing pg\_auto\_failover: A high availability and automated failover Postgres extension"
}

@misc{FFSSDQUK,
    author = "Read the Docs, Inc and Citus Data, a Microsoft Company",
    howpublished = "\url{https://pg-auto-failover.readthedocs.io/en/main/}",
    title = "Welcome to pg\_auto\_failover’s documentation! — pg\_auto\_failover 2.0 documentation"
}

@misc{L3VCWBXH,
    author = "Cloud, Google",
    howpublished = "\url{https://cloud.google.com/architecture/architectures-high-availability-postgresql-clusters-compute-engine?hl=de}",
    title = "Architekturen für Hochverfügbarkeit von PostgreSQL-Clustern in Compute Engine | Cloud Architecture Center",
    year = "2023"
}

@misc{LW6IGEK3,
    author = "LLC, Percona",
    howpublished = "\url{https://docs.percona.com/postgresql/}",
    title = "Percona Distribution for PostgreSQL - Testing the Patroni PostgreSQL Cluster"
}
